<?xml version="1.0" encoding="UTF-8"?><collection xmlns="http://www.loc.gov/MARC21/slim"><record><leader>00470nam--2200133-i-4500</leader><controlfield tag="001">000040883</controlfield><controlfield tag="002">20161230</controlfield><controlfield tag="005">20161230201042</controlfield><controlfield tag="008">060222s1000------------r-----000-0-eng-d</controlfield><datafield ind1=" " ind2=" " tag="080"><subfield code="a">5:32</subfield></datafield><datafield ind1=" " ind2=" " tag="245"><subfield code="a">Science and the modern world. one of a series of lecturers presented at georgetown univ., washington, d.c.on the occasion of its 175th anniversary, october 1963 to may 1964</subfield></datafield><datafield ind1=" " ind2=" " tag="260"><subfield code="a">New York, Plenum Press, 1966. X+225 P</subfield></datafield><datafield ind1=" " ind2=" " tag="700"><subfield code="a">Jacinto Steinhardt</subfield></datafield><datafield ind1=" " ind2=" " tag="852"><subfield code="a">25711</subfield></datafield></record></collection>